@inproceedings{gulrajani2017improved,
  title={Improved Training of Wasserstein GANs},
  author={Gulrajani, Ishaan and Ahmed, Faruk and Arjovsky, Martin and Dumoulin, Vincent and Courville, Aaron C},
  booktitle={Advances in Neural Information Processing Systems},
  year={2017}
}

@inproceedings{miyato2018cgans,
  title={c{GAN}s with Projection Discriminator},
  author={Miyato, Takeru and Koyama, Masanori},
  booktitle={International Conference on Learning Representations},
  year={2018}
}

@inproceedings{ho2020denoising,
  title={Denoising Diffusion Probabilistic Models},
  author={Ho, Jonathan and Jain, Ajay and Abbeel, Pieter},
  booktitle={Advances in Neural Information Processing Systems},
  year={2020}
}

@article{ho2022classifierfree,
  title={Classifier-Free Diffusion Guidance},
  author={Ho, Jonathan and Salimans, Tim},
  journal={arXiv preprint arXiv:2207.12598},
  year={2022}
}

@inproceedings{heusel2017gans,
  title={GANs Trained by a Two Time-Scale Update Rule Converge to a Local Nash Equilibrium},
  author={Heusel, Martin and Ramsauer, Hubert and Unterthiner, Thomas and Nessler, Bernhard and Hochreiter, Sepp},
  booktitle={Advances in Neural Information Processing Systems},
  year={2017}
}

@inproceedings{binkowski2018demystifying,
  title={Demystifying {MMD} {GAN}s},
  author={Binkowski, Mikolaj and Sutherland, Dougal J and Arbel, Michael and Gretton, Arthur},
  booktitle={International Conference on Learning Representations},
  year={2018}
}

@inproceedings{sajjadi2018assessing,
  title={Assessing Generative Models via Precision and Recall},
  author={Sajjadi, Mehdi S. M. and Bachem, Olivier and Lucic, Mario and Bousquet, Olivier and Gelly, Sylvain},
  booktitle={Advances in Neural Information Processing Systems},
  year={2018}
}

@inproceedings{hendrycks2020augmix,
  title={AugMix: A Simple Data Processing Method to Improve Robustness and Uncertainty},
  author={Hendrycks, Dan and Mu, Norman and Cubuk, Ekin D. and Zoph, Barret and Gilmer, Justin and Lakshminarayanan, Balaji},
  booktitle={International Conference on Learning Representations},
  year={2020}
}

@inproceedings{ronneberger2015u,
  title={U-Net: Convolutional Networks for Biomedical Image Segmentation},
  author={Ronneberger, Olaf and Fischer, Philipp and Brox, Thomas},
  booktitle={Medical Image Computing and Computer-Assisted Intervention (MICCAI)},
  year={2015}
}

@inproceedings{kingma2015adam,
  title={Adam: A Method for Stochastic Optimization},
  author={Kingma, Diederik P and Ba, Jimmy},
  booktitle={International Conference on Learning Representations},
  year={2015}
}

@inproceedings{loshchilov2019decoupled,
  title={Decoupled Weight Decay Regularization},
  author={Loshchilov, Ilya and Hutter, Frank},
  booktitle={International Conference on Learning Representations},
  year={2019}
}

@article{maaten2008visualizing,
  title={Visualizing Data using t-{SNE}},
  author={van der Maaten, Laurens and Hinton, Geoffrey},
  journal={Journal of Machine Learning Research},
  volume={9},
  pages={2579--2605},
  year={2008}
}

@article{mcinnes2018umap,
  title={{UMAP}: Uniform Manifold Approximation and Projection for Dimension Reduction},
  author={McInnes, Leland and Healy, John and Melville, James},
  journal={arXiv preprint arXiv:1802.03426},
  year={2018}
}

@inproceedings{paszke2019pytorch,
  title={PyTorch: An Imperative Style, High-Performance Deep Learning Library},
  author={Paszke, Adam and Gross, Sam and Massa, Francisco and Lerer, Adam and Bradbury, James and Chanan, Gregory and Killeen, Trevor and Lin, Zeming and Gimelshein, Natalia and Antiga, Luca and Desmaison, Alban and K{"o}pf, Andreas and Yang, Edward and DeVito, Zachary and Raison, Martin and Tejani, Alykhan and Chilamkurthy, Sasank and Steiner, Benoit and Fang, Lu and Bai, Junjie and Chintala, Soumith},
  booktitle={Advances in Neural Information Processing Systems},
  year={2019}
}

@article{obeid2016temple,
  title={The Temple University Hospital EEG Data Corpus},
  author={Obeid, Iyad and Picone, Joseph},
  journal={Frontiers in Neuroscience},
  year={2016}
}
